<record xmlns="http://www.loc.gov/MARC21/slim" xmlns:xsi="http://www.w3.org/2001/XMLSchema-instance" xsi:schemaLocation="http://www.loc.gov/MARC21/slim http://www.loc.gov/standards/marcxml/schema/MARC21slim.xsd">

  <leader>00527nam a2200121Ia 4500</leader>
  <datafield ind2=" " ind1=" " tag="999">
    <subfield code="c">1494</subfield>
    <subfield code="d">1494</subfield>
  </datafield>
  <controlfield tag="008">171211b2012    cr ||||| |||| 00| | spa d</controlfield>
  <datafield tag="090" ind1=" " ind2=" ">
    <subfield code="a">06.02.01 </subfield>
    <subfield code="b">2001 (2012)</subfield>
  </datafield>
  <datafield tag="100" ind1="1" ind2=" ">
    <subfield code="a">Quesada, Ana Isabel</subfield>
    <subfield code="9">3320</subfield>
  </datafield>
  <datafield ind1="1" ind2="0" tag="245">
    <subfield code="a">Plan de los 200 días lectivos del Ministerio de Educación Pública de Costa Rica: planes remediales para mejorar el rendicmiento académico / </subfield>
    <subfield code="c">Ana  Isabel Quesada, compilador/a</subfield>
  </datafield>
  <datafield tag="260" ind1=" " ind2=" ">
    <subfield code="a">San José, Costa Rica : </subfield>
    <subfield code="b">INIE. MEP. Instituto de Desarrollo Profesional Uladislao Gámez Solano, </subfield>
    <subfield code="c">2012</subfield>
  </datafield>
  <datafield tag="300" ind1=" " ind2=" ">
    <subfield code="a">92 página</subfield>
  </datafield>
  <datafield tag="650" ind2="4" ind1="1">
    <subfield code="a">CAPACITACIÓN</subfield>
    <subfield code="9">729</subfield>
  </datafield>
  <datafield tag="650" ind1="1" ind2="4">
    <subfield code="a"> DOCENTES</subfield>
  </datafield>
  <datafield tag="942" ind2=" " ind1=" ">
    <subfield code="2">z</subfield>
    <subfield code="c">04</subfield>
  </datafield>
</record>